<record><leader>00000cas a22000007a 4500</leader><controlfield tag="001">10269810</controlfield><controlfield tag="008">840106d18621867nvudn ne      0    0eng d</controlfield><datafield ind1=" " ind2=" " tag="010"><subfield code="a">sn 84022055 </subfield></datafield><datafield ind1=" " ind2=" " tag="040"><subfield code="a">NPX</subfield><subfield code="b">eng</subfield><subfield code="c">NPX</subfield><subfield code="d">NNX</subfield><subfield code="d">UNP</subfield><subfield code="d">NNX</subfield><subfield code="d">NVF</subfield><subfield code="d">CNK</subfield><subfield code="d">NVF</subfield><subfield code="d">OCL</subfield><subfield code="d">OCLCQ</subfield><subfield code="d">OCLCF</subfield><subfield code="d">OCLCO</subfield><subfield code="d">CRL</subfield></datafield><datafield ind1=" " ind2=" " tag="042"><subfield code="a">msc</subfield></datafield><datafield ind1=" " ind2=" " tag="043"><subfield code="a">n-us-nv</subfield></datafield><datafield ind1=" " ind2="4" tag="050"><subfield code="a">AN2.N3</subfield><subfield code="b">V57</subfield></datafield><datafield ind1="0" ind2="4" tag="245"><subfield code="a">The Virginia daily union.</subfield></datafield><datafield ind1="1" ind2="3" tag="246"><subfield code="a">Daily union</subfield></datafield><datafield ind1=" " ind2=" " tag="260"><subfield code="a">Virginia, N.T. [i.e. Virginia City, Nev.] :</subfield><subfield code="b">John Church &amp; Co.,</subfield><subfield code="c">-1867.</subfield></datafield><datafield ind1=" " ind2=" " tag="300"><subfield code="a">v. ;</subfield><subfield code="c">62 cm.</subfield></datafield><datafield ind1=" " ind2=" " tag="310"><subfield code="a">Daily (except Monday)</subfield></datafield><datafield ind1="1" ind2=" " tag="362"><subfield code="a">Began with Nov. 4, 1862 issue.</subfield><subfield code="z">Cf. Lingenfelter, R. Newspapers of Nev., 1854-1979.</subfield></datafield><datafield ind1="0" ind2=" " tag="362"><subfield code="a">-v. 9, no. 76 (Feb. 5, 1867).</subfield></datafield><datafield ind1=" " ind2=" " tag="500"><subfield code="a">Editors: M. Thompson, H.P. Taylor and A. Doten, 1865; O.E. Jones, 1865-&lt;1866&gt;.</subfield></datafield><datafield ind1=" " ind2=" " tag="500"><subfield code="a">Publishers: O.E. Jones &amp; Co., 1865-1866; John Church &amp; S.A. Glessner, 1866-1867; William J. Forbes, 1867.</subfield></datafield><datafield ind1=" " ind2=" " tag="500"><subfield code="a">"Republican." Cf. Lingenfelter, R.E. Newspapers of Nev., 1854-1979.</subfield></datafield><datafield ind1=" " ind2=" " tag="530"><subfield code="a">Microfilm available from the Bancroft Library.</subfield></datafield><datafield ind1=" " ind2=" " tag="588"><subfield code="a">Description based on: Vol. 1, no. 67 (Jan. 21, 1863).</subfield></datafield><datafield ind1=" " ind2="0" tag="651"><subfield code="a">Virginia City (Nev.)</subfield><subfield code="v">Newspapers.</subfield></datafield><datafield ind1=" " ind2="7" tag="651"><subfield code="a">Nevada</subfield><subfield code="z">Virginia City.</subfield><subfield code="2">fast</subfield><subfield code="0">(OCoLC)fst01206048</subfield></datafield><datafield ind1=" " ind2="7" tag="655"><subfield code="a">Newspapers.</subfield><subfield code="2">fast</subfield><subfield code="0">(OCoLC)fst01423814</subfield></datafield><datafield ind1="1" ind2=" " tag="700"><subfield code="a">Taylor, Howard Pitney.</subfield></datafield><datafield ind1="1" ind2=" " tag="700"><subfield code="a">Jones, Orlando E.</subfield></datafield><datafield ind1=" " ind2=" " tag="752"><subfield code="a">United States</subfield><subfield code="b">Nevada</subfield><subfield code="c">Storey</subfield><subfield code="d">Virginia City.</subfield></datafield><datafield ind1="0" ind2="8" tag="776"><subfield code="i">Online version:</subfield><subfield code="t">Virginia daily union</subfield><subfield code="w">(OCoLC)906828932</subfield></datafield><datafield ind1="0" ind2="0" tag="780"><subfield code="t">Daily silver age</subfield><subfield code="w">(DLC)sn 86076100</subfield><subfield code="w">(OCoLC)13500835</subfield></datafield></record>